@misc{zakon192,
    author    = {Zákon č. 192/1994 Sb.},
    title     = {Zákon č. 192/1994 Sb., o změně názvu některých vysokých škol uvedených v příloze zákona č. 172/1990 Sb., o vysokých školách},
    year      = {1994},
    note      = {Dostupné online}
}

@misc{menzy,
    author = {Technická univerzita v Liberci},
    title = {Koleje a menzy},
    year = {2024},
    note = {Dostupné online}
}

@book{vyrocnizprava,
    author    = {{Technická univerzita v Liberci}},
    title     = {Výroční zpráva o činnosti Technické univerzity v Liberci za rok 2020},
    year      = {2020},
    pages     = {82, 96},
    publisher = {Technická univerzita v Liberci}
}

@book{niznansky,
    editor    = {Branislav Nižňanský},
    author    = {Vojtěch Hájek and others},
    title     = {Využití starých plánů při studiu současného území Liberce: Husova ulice v prostoru a čase},
    year      = {2012},
    edition   = {1},
    publisher = {Technická univerzita v Liberci},
    address   = {Liberec},
    pages     = {107},
    isbn      = {978-80-7372-928-8}
}

@book{melanova,
    author    = {Miloslava Melanová et al.},
    title     = {Liberec},
    year      = {2017},
    edition   = {1},
    publisher = {NLN, Nakladatelství Lidové noviny},
    address   = {Praha},
    pages     = {518},
    note      = {16 nečíslovaných stran obrazových příloh},
    series    = {Dějiny českých, moravských a slezských měst},
    isbn      = {978-80-7422-484-3}
}

@book{golka,
    author    = {Technická univerzita v Liberci and Petr Golka et al.},
    title     = {Technická univerzita v Liberci 1953-2003: 50 let},
    year      = {2003},
    edition   = {1},
    publisher = {Technická univerzita v Liberci},
    address   = {Liberec},
    pages     = {161},
    isbn      = {80-7083-695-4}
}

@book{jandova,
    author    = {Technická univerzita v Liberci and Soňa Jandová and others},
    title     = {Technická univerzita v Liberci: 60 let univerzitního vzdělávání v Liberci, 1953-2013: Almanach},
    year      = {2013},
    edition   = {1},
    publisher = {Technická univerzita v Liberci},
    address   = {Liberec},
    pages     = {217},
    isbn      = {978-80-7372-995-0}
}
